@article{velmurugan08_prosp_scopes_solar_pond,
  author =       {V. Velmurugan and K. Srithar},
  title =        {Prospects and Scopes of Solar Pond: a Detailed Review},
  journal =      {Renewable and Sustainable Energy Reviews},
  volume =       12,
  number =       8,
  pages =        {2253-2263},
  year =         2008,
  doi =          {10.1016/j.rser.2007.03.011},
  url =          {https://doi.org/10.1016/j.rser.2007.03.011},
  DATE_ADDED =   {Thu Aug 9 14:17:48 2018},
}
@article{heremans2008enhancement,
  title={Enhancement of thermoelectric efficiency in PbTe by distortion of the electronic density of states},
  author={Heremans, Joseph P and Jovovic, Vladimir and Toberer, Eric S and Saramat, Ali and Kurosaki, Ken and Charoenphakdee, Anek and Yamanaka, Shinsuke and Snyder, G Jeffrey},
  journal={Science},
  volume={321},
  number={5888},
  pages={554--557},
  year={2008},
  publisher={American Association for the Advancement of Science},
}
@article{pei2011high,
  title={High thermoelectric figure of merit in heavy hole dominated PbTe},
  author={Pei, Yanzhong and LaLonde, Aaron and Iwanaga, Shiho and Snyder, G Jeffrey},
  journal={Energy \& Environmental Science},
  volume=4,
  number=6,
  pages={2085--2089},
  year=2011,
  publisher={Royal Society of Chemistry},
}
@article{pei2011convergence,
  title={Convergence of electronic bands for high performance bulk thermoelectrics},
  author={Pei, Yanzhong and Shi, Xiaoya and LaLonde, Aaron and Wang, Heng and Chen, Lidong and Snyder, G Jeffrey},
  journal={Nature},
  volume={473},
  number={7345},
  pages={66},
  year={2011},
  publisher={Nature Publishing Group},
}
@article{biswas2012high,
  title={High-performance bulk thermoelectrics with all-scale hierarchical architectures},
  author={Biswas, Kanishka and He, Jiaqing and Blum, Ivan D and Wu, Chun-I and Hogan, Timothy P and Seidman, David N and Dravid, Vinayak P and Kanatzidis, Mercouri G},
  journal={Nature},
  volume={489},
  number={7416},
  pages={414},
  year={2012},
  publisher={Nature Publishing Group},
}
@article{baird2015thaidemand,
author = {Baird, Ian and Quastel, Noah},
year = {2015},
month = {08},
pages = {},
title = {Rescaling and Reordering Nature–Society Relations: The Nam Theun 2 Hydropower Dam and Laos–Thailand Electricity Networks},
journal = {Annals of the Association of American Geographers},
doi = {10.1080/00045608.2015.1064511},
}
@misc{sukkasibiofuels,
title={Biofuels},
journal={Energy Sources and Conversion},
author={Sukkasi, Sittha}
}
@misc{sukkasisustaindev,
title={Sustainable Development},
journal={Energy Sources and Conversion},
author={Sukkasi, Sittha}
}
@misc{sukkasisustainind,
title={Sustainability Indicators},
journal={Energy Sources and Conversion},
author={Sukkasi, Sittha}
}
